%% This BibTeX bibliography file was created using BibDesk.
%% https://bibdesk.sourceforge.io/

%% Created for JinRui at 2020-06-16 18:47:34 +0200 


%% Saved with string encoding Unicode (UTF-8) 


@preamble{"\providecommand{\noopsort}[1]{}" #
   "\providecommand{\singleletter}[1]{#1}%"}

@manual{mqdt_man2021,
	Author = {Rui Jin},
	Note = {(internal report)},
	Title = {Manual for MQDT solver},
	Year = {2021}
}